<record><leader>00000cas a22000007a 4500</leader><controlfield tag="001">29889200</controlfield><controlfield tag="008">940301u1980uuuunjuwr ne      0    0eng d</controlfield><datafield ind1=" " ind2=" " tag="010"><subfield code="a">sn 94056710 </subfield></datafield><datafield ind1=" " ind2=" " tag="040"><subfield code="a">NJW</subfield><subfield code="b">eng</subfield><subfield code="c">NJW</subfield><subfield code="d">OCL</subfield><subfield code="d">OCLCQ</subfield></datafield><datafield ind1="0" ind2="4" tag="245"><subfield code="a">The Sentinel ledger.</subfield></datafield><datafield ind1=" " ind2=" " tag="260"><subfield code="a">Ocean City, N.J. :</subfield><subfield code="b">Ocean City Sentinel-Ledger, Inc.</subfield></datafield><datafield ind1=" " ind2=" " tag="300"><subfield code="a">v.</subfield></datafield><datafield ind1=" " ind2=" " tag="310"><subfield code="a">Weekly</subfield></datafield><datafield ind1="0" ind2=" " tag="362"><subfield code="a">99th year, no. 57 (Jan. 17, 1980)-</subfield></datafield><datafield ind1=" " ind2=" " tag="752"><subfield code="a">United States</subfield><subfield code="b">New Jersey</subfield><subfield code="c">Cape May</subfield><subfield code="d">Ocean City.</subfield></datafield><datafield ind1="0" ind2="0" tag="780"><subfield code="t">Ocean City sentinel-ledger (Ocean City, N.J. : 1932)</subfield><subfield code="w">(DLC)sn 94056708</subfield><subfield code="w">(OCoLC)29889133</subfield></datafield></record>